﻿<?xml version="1.0" encoding="UTF-8"?>
	<!--
    (C) Copyright 2015, SKSF, www.sksf.ch

    Anregungen und Fragen zu diesem Dokument können an das jeweilige Finanzinstitut gerichtet werden.
    Allgemeine Anregungen können auch bei der SIX Interbank Clearing AG unter folgender Adresse angebracht werden:
    pm@six-group.com
    -->
<Document xmlns="http://www.six-interbank-clearing.com/de/pain.001.001.03.ch.02.xsd"
		  xmlns:xsi="http://www.w3.org/2001/XMLSchema-instance"
		  xsi:schemaLocation="http://www.six-interbank-clearing.com/de/pain.001.001.03.ch.02.xsd  pain.001.001.03.ch.02.xsd">
	<CstmrCdtTrfInitn>
		<GrpHdr>
			<MsgId>MSG-06</MsgId>
			<CreDtTm>2015-01-21T07:30:00</CreDtTm>
			<NbOfTxs>1</NbOfTxs>
			<CtrlSum>200.00</CtrlSum>
			<InitgPty>
				<Nm>MUELLER ERICH</Nm>
			</InitgPty>
		</GrpHdr>
		<PmtInf>
			<PmtInfId>PMTINF-06</PmtInfId>
			<PmtMtd>TRF</PmtMtd>
			<BtchBookg>true</BtchBookg>
			<ReqdExctnDt>2015-01-23</ReqdExctnDt>
			<Dbtr>
				<Nm>MUELLER ERICH</Nm>
			</Dbtr>
			<DbtrAcct>
				<Id>
					<IBAN>CH0400235235X98765432</IBAN>
				</Id>
			</DbtrAcct>
			<DbtrAgt>
				<FinInstnId>
					<ClrSysMmbId>
						<ClrSysId>
							<Cd>CHBCC</Cd>
						</ClrSysId>
						<MmbId>235</MmbId>
					</ClrSysMmbId>
				</FinInstnId>
			</DbtrAgt>
			<UltmtDbtr>
				<Nm>FRITZ MUELLER</Nm>
				<PstlAdr>
					<StrtNm>ROSENWEG</StrtNm>
					<BldgNb>6</BldgNb>
					<PstCd>3110</PstCd>
					<TwnNm>MUENSINGEN</TwnNm>
					<Ctry>CH</Ctry>
				</PstlAdr>
			</UltmtDbtr>
			<CdtTrfTxInf>
				<PmtId>
					<InstrId>INSTRID-06-01</InstrId>
					<EndToEndId>ENDTOENDID-006</EndToEndId>
				</PmtId>
				<Amt>
					<InstdAmt Ccy="CHF">200.00</InstdAmt>
				</Amt>
				<CdtrAgt>
					<FinInstnId>
						<BIC>GRKBCH2270A</BIC>
					</FinInstnId>
				</CdtrAgt>
				<Cdtr>
					<Nm>HOCHALPINES INSTITUT FTAN</Nm>
					<PstlAdr>
						<StrtNm>WALDWEG</StrtNm>
						<BldgNb>1</BldgNb>
						<PstCd>7551</PstCd>
						<TwnNm>FTAN</TwnNm>
						<Ctry>CH</Ctry>
					</PstlAdr>
				</Cdtr>
				<CdtrAcct>
					<Id>
						<IBAN>CH1600774012312345678</IBAN>
					</Id>
				</CdtrAcct>
				<UltmtCdtr>
					<Nm>KURT MEYERHANS</Nm>
				</UltmtCdtr>
				<RmtInf>
					<Ustrd>Kauf Skiausrüstung</Ustrd>
				</RmtInf>
			</CdtTrfTxInf>
		</PmtInf>
	</CstmrCdtTrfInitn>
</Document>
